fecha;referencia;descripcion;debito;credito;saldo;tipoMovimiento;indicadorCargoAbono;importe
28/09/2022 - 13:52;9569964206608;CARGO POR IGTF                    ;-0.81;-0.81;23.334,44;5699;Nota de Débito;-0,81
28/09/2022 - 13:52;0590564206608;TRASPASO OTRAS CTAS BDV EN LINEA  ;-40.70;-40.70;23.335,25;5602;Nota de Débito;-40,70
28/09/2022 - 12:20;0590587600781;ABO TRASP A OTRAS CTAS CLAVENET   ;831.87;831.87;23.375,95;1602;Nota de Crédito;831,87
28/09/2022 - 11:54;0590529248109;ABO TRASP A OTRAS CTAS CLAVENET   ;588.22;588.22;22.544,08;1602;Nota de Crédito;588,22
28/09/2022 - 11:46;0426500065392;REINT PAGO PROVEEDORES ENVIADOS   ;944.10;944.10;21.955,86;2520;Nota de Crédito;944,10
28/09/2022 - 11:35;0590528157228;ABO TRASP A OTRAS CTAS CLAVENET   ;4005.81;4005.81;21.011,76;1602;Nota de Crédito;4.005,81
28/09/2022 - 11:31;0590527910478;ABO TRASP A OTRAS CTAS CLAVENET   ;3866.00;3866.00;17.005,95;1602;Nota de Crédito;3.866,00
28/09/2022 - 11:20;0590527225368;ABO TRASP A OTRAS CTAS CLAVENET   ;814.00;814.00;13.139,95;1602;Nota de Crédito;814,00
28/09/2022 - 10:32;0590524321696;ABO TRASP A OTRAS CTAS CLAVENET   ;1300.00;1300.00;12.325,95;1602;Nota de Crédito;1.300,00
28/09/2022 - 10:18;0590523493215;ABO TRASP A OTRAS CTAS CLAVENET   ;810.75;810.75;11.025,95;1602;Nota de Crédito;810,75
28/09/2022 - 08:45;5490117957048;ABO TRASP A OTRAS CTAS CLAVENET   ;411.00;411.00;10.215,20;1602;Nota de Crédito;411,00
27/09/2022 - 17:40;9569900065393;CARGO POR IGTF                    ;-0.05;-0.05;9.804,20;5699;Nota de Débito;-0,05
27/09/2022 - 17:40;0676200065393;COMISION PAGO A PROVEEDORES       ;-2.36;-2.36;9.804,25;7931;Nota de Débito;-2,36
27/09/2022 - 17:40;9569900065392;CARGO POR IGTF                    ;-0.05;-0.05;9.806,61;5699;Nota de Débito;-0,05
27/09/2022 - 17:40;0676200065392;COMISION PAGO A PROVEEDORES       ;-2.36;-2.36;9.806,66;7931;Nota de Débito;-2,36
27/09/2022 - 17:40;9569900065396;CARGO POR IGTF                    ;-0.05;-0.05;9.809,02;5699;Nota de Débito;-0,05
27/09/2022 - 17:40;0676200065396;COMISION PAGO A PROVEEDORES       ;-2.36;-2.36;9.809,07;7931;Nota de Débito;-2,36
27/09/2022 - 17:40;9569900065397;CARGO POR IGTF                    ;-0.05;-0.05;9.811,43;5699;Nota de Débito;-0,05
27/09/2022 - 17:40;0676200065397;COMISION PAGO A PROVEEDORES       ;-2.36;-2.36;9.811,48;7931;Nota de Débito;-2,36
27/09/2022 - 17:35;9569900065396;CARGO POR IGTF                    ;-18.88;-18.88;9.813,84;5699;Nota de Débito;-18,88
27/09/2022 - 17:35;0329200065396;PAGO A PROVEEDORES B D V          ;-944.10;-944.10;9.832,72;6513;Nota de Débito;-944,10
27/09/2022 - 17:35;9569900065397;CARGO POR IGTF                    ;-18.88;-18.88;10.776,82;5699;Nota de Débito;-18,88
27/09/2022 - 17:35;0329200065397;PAGO A PROVEEDORES B D V          ;-944.10;-944.10;10.795,70;6513;Nota de Débito;-944,10
27/09/2022 - 17:35;9569900065393;CARGO POR IGTF                    ;-18.88;-18.88;11.739,80;5699;Nota de Débito;-18,88
27/09/2022 - 17:35;0329200065393;PAGO A PROVEEDORES B D V          ;-944.10;-944.10;11.758,68;6513;Nota de Débito;-944,10
27/09/2022 - 17:35;9569900065392;CARGO POR IGTF                    ;-18.88;-18.88;12.702,78;5699;Nota de Débito;-18,88
27/09/2022 - 17:35;0329200065392;PAGO A PROVEEDORES B D V          ;-944.10;-944.10;12.721,66;6513;Nota de Débito;-944,10
27/09/2022 - 17:16;9569900065338;CARGO POR IGTF                    ;-0.02;-0.02;13.665,76;5699;Nota de Débito;-0,02
27/09/2022 - 17:16;0676200065338;COMISION PAGO A PROVEEDORES       ;-0.93;-0.93;13.665,78;7931;Nota de Débito;-0,93
27/09/2022 - 17:16;9569900065330;CARGO POR IGTF                    ;-0.02;-0.02;13.666,71;5699;Nota de Débito;-0,02
27/09/2022 - 17:16;0676200065330;COMISION PAGO A PROVEEDORES       ;-1.11;-1.11;13.666,73;7931;Nota de Débito;-1,11
27/09/2022 - 17:10;9569900065330;CARGO POR IGTF                    ;-8.93;-8.93;13.667,84;5699;Nota de Débito;-8,93
27/09/2022 - 17:10;0329200065330;PAGO A PROVEEDORES B D V          ;-446.49;-446.49;13.676,77;6513;Nota de Débito;-446,49
27/09/2022 - 17:10;9569900065338;CARGO POR IGTF                    ;-7.47;-7.47;14.123,26;5699;Nota de Débito;-7,47
27/09/2022 - 17:10;0329200065338;PAGO A PROVEEDORES B D V          ;-373.43;-373.43;14.130,73;6513;Nota de Débito;-373,43
27/09/2022 - 17:09;9569964169352;CARGO POR IGTF                    ;-0.57;-0.57;14.504,16;5699;Nota de Débito;-0,57
27/09/2022 - 17:09;0590564169352;TRASPASO OTRAS CTAS BDV EN LINEA  ;-28.34;-28.34;14.504,73;5602;Nota de Débito;-28,34
27/09/2022 - 17:08;9569964169319;CARGO POR IGTF                    ;-4.37;-4.37;14.533,07;5699;Nota de Débito;-4,37
27/09/2022 - 17:08;0590564169319;TRASPASO OTRAS CTAS BDV EN LINEA  ;-218.59;-218.59;14.537,44;5602;Nota de Débito;-218,59
27/09/2022 - 17:05;9569900065391;CARGO POR IGTF                    ;-0.14;-0.14;14.756,03;5699;Nota de Débito;-0,14
27/09/2022 - 17:05;0676200065391;COMISION PAGO A PROVEEDORES       ;-6.75;-6.75;14.756,17;7931;Nota de Débito;-6,75
27/09/2022 - 17:05;9569900065389;CARGO POR IGTF                    ;-0.14;-0.14;14.762,92;5699;Nota de Débito;-0,14
27/09/2022 - 17:05;0676200065389;COMISION PAGO A PROVEEDORES       ;-6.75;-6.75;14.763,06;7931;Nota de Débito;-6,75
27/09/2022 - 17:05;9569900065387;CARGO POR IGTF                    ;-0.14;-0.14;14.769,81;5699;Nota de Débito;-0,14
27/09/2022 - 17:05;0676200065387;COMISION PAGO A PROVEEDORES       ;-6.75;-6.75;14.769,95;7931;Nota de Débito;-6,75
27/09/2022 - 17:05;9569900065386;CARGO POR IGTF                    ;-0.14;-0.14;14.776,70;5699;Nota de Débito;-0,14
27/09/2022 - 17:05;0676200065386;COMISION PAGO A PROVEEDORES       ;-6.75;-6.75;14.776,84;7931;Nota de Débito;-6,75
27/09/2022 - 17:00;9569900065391;CARGO POR IGTF                    ;-54.03;-54.03;14.783,59;5699;Nota de Débito;-54,03
27/09/2022 - 17:00;0329200065391;PAGO A PROVEEDORES B D V          ;-2701.50;-2701.50;14.837,62;6513;Nota de Débito;-2.701,50
27/09/2022 - 17:00;9569900065387;CARGO POR IGTF                    ;-54.03;-54.03;17.539,12;5699;Nota de Débito;-54,03
27/09/2022 - 17:00;0329200065387;PAGO A PROVEEDORES B D V          ;-2701.50;-2701.50;17.593,15;6513;Nota de Débito;-2.701,50
27/09/2022 - 17:00;9569900065389;CARGO POR IGTF                    ;-54.03;-54.03;20.294,65;5699;Nota de Débito;-54,03
27/09/2022 - 17:00;0329200065389;PAGO A PROVEEDORES B D V          ;-2701.50;-2701.50;20.348,68;6513;Nota de Débito;-2.701,50
27/09/2022 - 17:00;9569900065386;CARGO POR IGTF                    ;-54.03;-54.03;23.050,18;5699;Nota de Débito;-54,03
27/09/2022 - 17:00;0329200065386;PAGO A PROVEEDORES B D V          ;-2701.50;-2701.50;23.104,21;6513;Nota de Débito;-2.701,50
27/09/2022 - 16:58;9569964169059;CARGO POR IGTF                    ;-148.35;-148.35;25.805,71;5699;Nota de Débito;-148,35
27/09/2022 - 16:58;0590564169059;TRASPASO OTRAS CTAS BDV EN LINEA  ;-7417.34;-7417.34;25.954,06;5602;Nota de Débito;-7.417,34
27/09/2022 - 13:39;0590505956161;ABO TRASP A OTRAS CTAS CLAVENET   ;311.00;311.00;33.371,40;1602;Nota de Crédito;311,00
27/09/2022 - 11:28;0590564155504;ABO TRASP A OTRAS CTAS CLAVENET   ;10293.34;10293.34;33.060,40;1602;Nota de Crédito;10.293,34
27/09/2022 - 09:31;0590534312752;ABO TRASP A OTRAS CTAS CLAVENET   ;470.00;470.00;22.767,06;1602;Nota de Crédito;470,00
27/09/2022 - 07:25;5490126735491;ABO TRASP A OTRAS CTAS CLAVENET   ;3969.88;3969.88;22.297,06;1602;Nota de Crédito;3.969,88
27/09/2022 - 06:37;5490123869548;ABO TRASP A OTRAS CTAS CLAVENET   ;811.00;811.00;18.327,18;1602;Nota de Crédito;811,00
27/09/2022 - 06:19;0590522755907;ABO TRASP A OTRAS CTAS CLAVENET   ;500.00;500.00;17.516,18;1602;Nota de Crédito;500,00
26/09/2022 - 15:59;9569964121715;CARGO POR IGTF                    ;-3.33;-3.33;17.016,18;5699;Nota de Débito;-3,33
26/09/2022 - 15:59;0590564121715;TRASPASO OTRAS CTAS BDV EN LINEA  ;-166.60;-166.60;17.019,51;5602;Nota de Débito;-166,60
26/09/2022 - 14:49;9569964118930;CARGO POR IGTF                    ;-218.70;-218.70;17.186,11;5699;Nota de Débito;-218,70
26/09/2022 - 14:49;0590564118930;TRASPASO OTRAS CTAS BDV EN LINEA  ;-10935.10;-10935.10;17.404,81;5602;Nota de Débito;-10.935,10
26/09/2022 - 14:48;9569964118846;CARGO POR IGTF                    ;-207.28;-207.28;28.339,91;5699;Nota de Débito;-207,28
26/09/2022 - 14:48;0590564118846;TRASPASO OTRAS CTAS BDV EN LINEA  ;-10364.20;-10364.20;28.547,19;5602;Nota de Débito;-10.364,20
26/09/2022 - 11:51;0329200000001;PAGO A PROVEEDORES B D V          ;23574.39;23574.39;38.911,39;2021;Nota de Crédito;23.574,39
26/09/2022 - 10:41;0590552099527;ABO TRASP A OTRAS CTAS CLAVENET   ;3335.61;3335.61;15.337,00;1602;Nota de Crédito;3.335,61
26/09/2022 - 10:35;0590551713366;ABO TRASP A OTRAS CTAS CLAVENET   ;1800.00;1800.00;12.001,39;1602;Nota de Crédito;1.800,00
26/09/2022 - 10:34;9569964105135;CARGO POR IGTF                    ;-3.36;-3.36;10.201,39;5699;Nota de Débito;-3,36
26/09/2022 - 10:34;0590564105135;TRASPASO OTRAS CTAS BDV EN LINEA  ;-168.15;-168.15;10.204,75;5602;Nota de Débito;-168,15
26/09/2022 - 10:11;0590550290417;ABO TRASP A OTRAS CTAS CLAVENET   ;974.40;974.40;10.372,90;1602;Nota de Crédito;974,40
26/09/2022 - 09:29;0590547794590;ABO TRASP A OTRAS CTAS CLAVENET   ;198.12;198.12;9.398,50;1602;Nota de Crédito;198,12
26/09/2022 - 08:22;9569964093284;CARGO POR IGTF                    ;-1.80;-1.80;9.200,38;5699;Nota de Débito;-1,80
26/09/2022 - 08:22;0590564093284;TRASPASO OTRAS CTAS BDV EN LINEA  ;-90.00;-90.00;9.202,18;5602;Nota de Débito;-90,00
26/09/2022 - 08:21;9569964093116;CARGO POR IGTF                    ;-1.80;-1.80;9.292,18;5699;Nota de Débito;-1,80
26/09/2022 - 08:21;0590564093116;TRASPASO OTRAS CTAS BDV EN LINEA  ;-90.00;-90.00;9.293,98;5602;Nota de Débito;-90,00
26/09/2022 - 07:16;0590539813661;ABO TRASP A OTRAS CTAS CLAVENET   ;830.00;830.00;9.383,98;1602;Nota de Crédito;830,00
25/09/2022 - 19:03;0590552623297;ABO TRASP A OTRAS CTAS CLAVENET   ;1405.40;1405.40;8.553,98;1602;Nota de Crédito;1.405,40
25/09/2022 - 10:54;0590566477894;ABO TRASP A OTRAS CTAS CLAVENET   ;854.85;854.85;7.148,58;1602;Nota de Crédito;854,85
24/09/2022 - 11:29;0590582174750;ABO TRASP A OTRAS CTAS CLAVENET   ;162.40;162.40;6.293,73;1602;Nota de Crédito;162,40
24/09/2022 - 10:33;0590578783500;ABO TRASP A OTRAS CTAS CLAVENET   ;422.00;422.00;6.131,33;1602;Nota de Crédito;422,00
24/09/2022 - 09:46;0590576010200;ABO TRASP A OTRAS CTAS CLAVENET   ;389.76;389.76;5.709,33;1602;Nota de Crédito;389,76
23/09/2022 - 21:22;0590588167560;ABO TRASP A OTRAS CTAS CLAVENET   ;390.90;390.90;5.319,57;1602;Nota de Crédito;390,90
23/09/2022 - 16:52;9569964013232;CARGO POR IGTF                    ;-154.64;-154.64;4.928,67;5699;Nota de Débito;-154,64
23/09/2022 - 16:52;0590564013232;TRASPASO OTRAS CTAS BDV EN LINEA  ;-7731.96;-7731.96;5.083,31;5602;Nota de Débito;-7.731,96
23/09/2022 - 15:22;9569964009178;CARGO POR IGTF                    ;-7.15;-7.15;12.815,27;5699;Nota de Débito;-7,15
23/09/2022 - 15:22;0590564009178;TRASPASO OTRAS CTAS BDV EN LINEA  ;-357.72;-357.72;12.822,42;5602;Nota de Débito;-357,72
23/09/2022 - 11:22;0590595374127;ABO TRASP A OTRAS CTAS CLAVENET   ;180.04;180.04;13.180,14;1602;Nota de Crédito;180,04
23/09/2022 - 10:59;9569964996658;CARGO POR IGTF                    ;-16.70;-16.70;13.000,10;5699;Nota de Débito;-16,70
23/09/2022 - 10:59;0590564996658;TRASPASO OTRAS CTAS BDV EN LINEA  ;-835.00;-835.00;13.016,80;5602;Nota de Débito;-835,00
23/09/2022 - 10:58;0590593886698;ABO TRASP A OTRAS CTAS CLAVENET   ;4192.23;4192.23;13.851,80;1602;Nota de Crédito;4.192,23
23/09/2022 - 10:57;9569964996573;CARGO POR IGTF                    ;-12.53;-12.53;9.659,57;5699;Nota de Débito;-12,53
23/09/2022 - 10:57;0590564996573;TRASPASO OTRAS CTAS BDV EN LINEA  ;-626.25;-626.25;9.672,10;5602;Nota de Débito;-626,25
23/09/2022 - 10:56;9569964996484;CARGO POR IGTF                    ;-10.02;-10.02;10.298,35;5699;Nota de Débito;-10,02
23/09/2022 - 10:56;0590564996484;TRASPASO OTRAS CTAS BDV EN LINEA  ;-501.00;-501.00;10.308,37;5602;Nota de Débito;-501,00
23/09/2022 - 10:55;9569964996386;CARGO POR IGTF                    ;-5.01;-5.01;10.809,37;5699;Nota de Débito;-5,01
23/09/2022 - 10:55;0590564996386;TRASPASO OTRAS CTAS BDV EN LINEA  ;-250.50;-250.50;10.814,38;5602;Nota de Débito;-250,50
23/09/2022 - 08:57;9569964986149;CARGO POR IGTF                    ;-13.76;-13.76;11.064,88;5699;Nota de Débito;-13,76
23/09/2022 - 08:57;0590564986149;TRASPASO OTRAS CTAS BDV EN LINEA  ;-688.15;-688.15;11.078,64;5602;Nota de Débito;-688,15
23/09/2022 - 08:28;0592316892198;PAGO IMPUESTOS INTERNET           ;-247.10;-247.10;11.766,79;7736;Nota de Débito;-247,10
23/09/2022 - 08:27;0592316889385;PAGO IMPUESTOS INTERNET           ;-98049.32;-98049.32;12.013,89;7736;Nota de Débito;-98.049,32
23/09/2022 - 08:22;0590564982689;ABO TRASP A OTRAS CTAS CLAVENET   ;100000.00;100000.00;110.063,21;1602;Nota de Crédito;100.000,00
23/09/2022 - 08:14;9569964981897;CARGO POR IGTF                    ;-132.11;-132.11;10.063,21;5699;Nota de Débito;-132,11
23/09/2022 - 08:14;0590564981897;TRASPASO OTRAS CTAS BDV EN LINEA  ;-6605.51;-6605.51;10.195,32;5602;Nota de Débito;-6.605,51
22/09/2022 - 18:55;0590564969835;ABO TRASP A OTRAS CTAS CLAVENET   ;1664.92;1664.92;16.800,83;1602;Nota de Crédito;1.664,92
22/09/2022 - 17:25;9569900057759;CARGO POR IGTF                    ;-0.33;-0.33;15.135,91;5699;Nota de Débito;-0,33
22/09/2022 - 17:25;0676200057759;COMISION PAGO A PROVEEDORES       ;-16.39;-16.39;15.136,24;7931;Nota de Débito;-16,39
22/09/2022 - 17:25;9569900057718;CARGO POR IGTF                    ;-0.08;-0.08;15.152,63;5699;Nota de Débito;-0,08
22/09/2022 - 17:25;0676200057718;COMISION PAGO A PROVEEDORES       ;-3.88;-3.88;15.152,71;7931;Nota de Débito;-3,88
22/09/2022 - 17:20;9569900057718;CARGO POR IGTF                    ;-31.09;-31.09;15.156,59;5699;Nota de Débito;-31,09
22/09/2022 - 17:20;0329200057718;PAGO A PROVEEDORES B D V          ;-1554.42;-1554.42;15.187,68;6513;Nota de Débito;-1.554,42
22/09/2022 - 17:20;9569900057759;CARGO POR IGTF                    ;-131.15;-131.15;16.742,10;5699;Nota de Débito;-131,15
22/09/2022 - 17:20;0329200057759;PAGO A PROVEEDORES B D V          ;-6557.68;-6557.68;16.873,25;6513;Nota de Débito;-6.557,68
22/09/2022 - 16:50;9569964967110;CARGO POR IGTF                    ;-16.72;-16.72;23.430,93;5699;Nota de Débito;-16,72
22/09/2022 - 16:50;0590564967110;TRASPASO OTRAS CTAS BDV EN LINEA  ;-836.13;-836.13;23.447,65;5602;Nota de Débito;-836,13
22/09/2022 - 15:14;0590579681419;ABO TRASP A OTRAS CTAS CLAVENET   ;3254.58;3254.58;24.283,78;1602;Nota de Crédito;3.254,58
22/09/2022 - 14:30;0590564961628;ABO TRASP A OTRAS CTAS CLAVENET   ;398.52;398.52;21.029,20;1602;Nota de Crédito;398,52
22/09/2022 - 14:15;0590576151398;ABO TRASP A OTRAS CTAS CLAVENET   ;1182.00;1182.00;20.630,68;1602;Nota de Crédito;1.182,00
22/09/2022 - 13:13;9569964958725;CARGO POR IGTF                    ;-6.64;-6.64;19.448,68;5699;Nota de Débito;-6,64
22/09/2022 - 13:13;0590564958725;TRASPASO OTRAS CTAS BDV EN LINEA  ;-332.00;-332.00;19.455,32;5602;Nota de Débito;-332,00
22/09/2022 - 11:39;5490109975098;ABO TRASP A OTRAS CTAS CLAVENET   ;2500.00;2500.00;19.787,32;1602;Nota de Crédito;2.500,00
22/09/2022 - 11:04;0590507861674;ABO TRASP A OTRAS CTAS CLAVENET   ;218.70;218.70;17.287,32;1602;Nota de Crédito;218,70
22/09/2022 - 10:25;5490105511298;ABO TRASP A OTRAS CTAS CLAVENET   ;7594.00;7594.00;17.068,62;1602;Nota de Crédito;7.594,00
22/09/2022 - 09:23;5490101780689;ABO TRASP A OTRAS CTAS CLAVENET   ;2100.00;2100.00;9.474,62;1602;Nota de Crédito;2.100,00
22/09/2022 - 07:13;0590594014095;ABO TRASP A OTRAS CTAS CLAVENET   ;431.73;431.73;7.374,62;1602;Nota de Crédito;431,73
21/09/2022 - 19:32;5490108750363;ABO TRASP A OTRAS CTAS CLAVENET   ;2427.00;2427.00;6.942,89;1602;Nota de Crédito;2.427,00
21/09/2022 - 15:02;5490192536339;ABO TRASP A OTRAS CTAS CLAVENET   ;825.13;825.13;4.515,89;1602;Nota de Crédito;825,13
21/09/2022 - 10:58;9569964905763;CARGO POR IGTF                    ;-0.01;-0.01;3.690,76;5699;Nota de Débito;-0,01
21/09/2022 - 10:58;0590564905763;TRASPASO OTRAS CTAS BDV EN LINEA  ;-0.38;-0.38;3.690,77;5602;Nota de Débito;-0,38
21/09/2022 - 10:29;0590519357424;ABO TRASP A OTRAS CTAS CLAVENET   ;12.00;12.00;3.691,15;1602;Nota de Crédito;12,00
21/09/2022 - 09:36;9569964899619;CARGO POR IGTF                    ;-1.64;-1.64;3.679,15;5699;Nota de Débito;-1,64
21/09/2022 - 09:36;0590564899619;TRASPASO OTRAS CTAS BDV EN LINEA  ;-82.20;-82.20;3.680,79;5602;Nota de Débito;-82,20
21/09/2022 - 08:50;9500400040032;COM PAGO A PROVEED CTAS PROPIAS   ;-75.00;-75.00;3.762,99;5004;Nota de Débito;-75,00
21/09/2022 - 08:45;0328700040032;PAGO PROVEEDOR CTAS PROPIAS       ;-30000.00;-30000.00;3.837,99;9780;Nota de Débito;-30.000,00
20/09/2022 - 18:47;0590519673306;ABO TRASP A OTRAS CTAS CLAVENET   ;26.57;26.57;33.837,99;1602;Nota de Crédito;26,57
20/09/2022 - 16:21;9569964875616;CARGO POR IGTF                    ;-3.78;-3.78;33.811,42;5699;Nota de Débito;-3,78
20/09/2022 - 16:21;0590564875616;TRASPASO OTRAS CTAS BDV EN LINEA  ;-188.83;-188.83;33.815,20;5602;Nota de Débito;-188,83
20/09/2022 - 16:20;9569964875558;CARGO POR IGTF                    ;-0.56;-0.56;34.004,03;5699;Nota de Débito;-0,56
20/09/2022 - 16:20;0590564875558;TRASPASO OTRAS CTAS BDV EN LINEA  ;-28.12;-28.12;34.004,59;5602;Nota de Débito;-28,12
20/09/2022 - 16:17;9569964875474;CARGO POR IGTF                    ;-16.50;-16.50;34.032,71;5699;Nota de Débito;-16,50
20/09/2022 - 16:17;0590564875474;TRASPASO OTRAS CTAS BDV EN LINEA  ;-825.00;-825.00;34.049,21;5602;Nota de Débito;-825,00
20/09/2022 - 14:31;5490104315784;ABO TRASP A OTRAS CTAS CLAVENET   ;233.45;233.45;34.874,21;1602;Nota de Crédito;233,45
20/09/2022 - 13:17;0590599871988;ABO TRASP A OTRAS CTAS CLAVENET   ;36.22;36.22;34.640,76;1602;Nota de Crédito;36,22
20/09/2022 - 12:40;0590597631877;ABO TRASP A OTRAS CTAS CLAVENET   ;2778.38;2778.38;34.604,54;1602;Nota de Crédito;2.778,38
20/09/2022 - 12:35;5490197350309;ABO TRASP A OTRAS CTAS CLAVENET   ;18400.00;18400.00;31.826,16;1602;Nota de Crédito;18.400,00
20/09/2022 - 11:29;5490136598363;ABO TRASP A OTRAS CTAS CLAVENET   ;12.72;12.72;13.426,16;1602;Nota de Crédito;12,72
20/09/2022 - 06:31;5490118663755;ABO TRASP A OTRAS CTAS CLAVENET   ;5619.25;5619.25;13.413,44;1602;Nota de Crédito;5.619,25
19/09/2022 - 15:47;9569964827736;CARGO POR IGTF                    ;-3.22;-3.22;7.794,19;5699;Nota de Débito;-3,22
19/09/2022 - 15:47;0590564827736;TRASPASO OTRAS CTAS BDV EN LINEA  ;-161.00;-161.00;7.797,41;5602;Nota de Débito;-161,00
19/09/2022 - 14:51;0590519068050;ABO TRASP A OTRAS CTAS CLAVENET   ;99.42;99.42;7.958,41;1602;Nota de Crédito;99,42
19/09/2022 - 12:44;95699        ;CARGO POR IGTF                    ;-2615.31;-2615.31;7.858,99;5699;Nota de Débito;-2.615,31
19/09/2022 - 12:44;97865        ;CREDITOS COMERCIALES UVCC         ;-130765.44;-130765.44;10.474,30;7865;Nota de Débito;-130.765,44
19/09/2022 - 09:16;0590542208355;ABO TRASP A OTRAS CTAS CLAVENET   ;835.18;835.18;141.239,74;1602;Nota de Crédito;835,18
19/09/2022 - 08:38;9569964800260;CARGO POR IGTF                    ;-0.48;-0.48;140.404,56;5699;Nota de Débito;-0,48
19/09/2022 - 08:38;0590564800260;TRASPASO OTRAS CTAS BDV EN LINEA  ;-24.06;-24.06;140.405,04;5602;Nota de Débito;-24,06
19/09/2022 - 08:33;0590564799716;ABO TRASP A OTRAS CTAS CLAVENET   ;140000.00;140000.00;140.429,10;1602;Nota de Crédito;140.000,00
19/09/2022 - 08:06;5490138000810;ABO TRASP A OTRAS CTAS CLAVENET   ;429.10;429.10;429,10;1602;Nota de Crédito;429,10
18/09/2022 - 14:42;9569920220917;CARGO POR IGTF                    ;-194.73;-194.73;0,00;5699;Nota de Débito;-194,73
18/09/2022 - 14:42;9144520220917;CREDITOS COMERCIALES UVCC         ;-9736.37;-9736.37;194,73;7865;Nota de Débito;-9.736,37
18/09/2022 - 12:20;0590523628411;ABO TRASP A OTRAS CTAS CLAVENET   ;1695.10;1695.10;9.931,10;1602;Nota de Crédito;1.695,10
18/09/2022 - 11:12;0590562736015;ABO TRASP A OTRAS CTAS CLAVENET   ;426.65;426.65;8.236,00;1602;Nota de Crédito;426,65
18/09/2022 - 09:15;0329200000001;PAGO A PROVEEDORES B D V          ;825.25;825.25;7.809,35;2021;Nota de Crédito;825,25
17/09/2022 - 17:29;0590555772300;ABO TRASP A OTRAS CTAS CLAVENET   ;3864.77;3864.77;6.984,10;1602;Nota de Crédito;3.864,77
17/09/2022 - 17:01;0590564758439;ABO TRASP A OTRAS CTAS CLAVENET   ;3119.33;3119.33;3.119,33;1602;Nota de Crédito;3.119,33
17/09/2022 - 16:41;9569920220917;CARGO POR IGTF                    ;-15826.51;-15826.51;0,00;5699;Nota de Débito;-15.826,51
17/09/2022 - 16:41;9144520220917;CREDITOS COMERCIALES UVCC         ;-791325.41;-791325.41;15.826,51;7865;Nota de Débito;-791.325,41
17/09/2022 - 08:52;0590567922280;ABO TRASP A OTRAS CTAS CLAVENET   ;825.00;825.00;807.151,92;1602;Nota de Crédito;825,00
17/09/2022 - 06:20;5490158810136;ABO TRASP A OTRAS CTAS CLAVENET   ;2415.24;2415.24;806.326,92;1602;Nota de Crédito;2.415,24
17/09/2022 - 06:14;0590558463809;ABO TRASP A OTRAS CTAS CLAVENET   ;1197.62;1197.62;803.911,68;1602;Nota de Crédito;1.197,62
16/09/2022 - 15:45;9569954671852;CARGO POR IGTF                    ;-31.74;-31.74;802.714,06;5699;Nota de Débito;-31,74
16/09/2022 - 15:45;0590554671852;TRASPASO OTRAS CTAS BDV EN LINEA  ;-1587.00;-1587.00;802.745,80;5602;Nota de Débito;-1.587,00
16/09/2022 - 15:44;9569954671803;CARGO POR IGTF                    ;-4.08;-4.08;804.332,80;5699;Nota de Débito;-4,08
16/09/2022 - 15:44;0590554671803;TRASPASO OTRAS CTAS BDV EN LINEA  ;-203.75;-203.75;804.336,88;5602;Nota de Débito;-203,75
16/09/2022 - 15:43;9569954671740;CARGO POR IGTF                    ;-1.80;-1.80;804.540,63;5699;Nota de Débito;-1,80
16/09/2022 - 15:43;0590554671740;TRASPASO OTRAS CTAS BDV EN LINEA  ;-90.00;-90.00;804.542,43;5602;Nota de Débito;-90,00
16/09/2022 - 15:41;9569954671681;CARGO POR IGTF                    ;-1.80;-1.80;804.632,43;5699;Nota de Débito;-1,80
16/09/2022 - 15:41;0590554671681;TRASPASO OTRAS CTAS BDV EN LINEA  ;-90.00;-90.00;804.634,23;5602;Nota de Débito;-90,00
16/09/2022 - 14:44;0590559488196;ABO TRASP A OTRAS CTAS CLAVENET   ;1604.00;1604.00;804.724,23;1602;Nota de Crédito;1.604,00
16/09/2022 - 13:31;0329200000001;PAGO A PROVEEDORES B D V          ;36499.16;36499.16;803.120,23;2021;Nota de Crédito;36.499,16
16/09/2022 - 13:29;0590554965458;ABO TRASP A OTRAS CTAS CLAVENET   ;11.38;11.38;766.621,07;1602;Nota de Crédito;11,38
16/09/2022 - 13:14;9569954663703;CARGO POR IGTF                    ;-26.30;-26.30;766.609,69;5699;Nota de Débito;-26,30
16/09/2022 - 13:14;0590554663703;TRASPASO OTRAS CTAS BDV EN LINEA  ;-1314.76;-1314.76;766.635,99;5602;Nota de Débito;-1.314,76
16/09/2022 - 13:09;0590554663393;ABO TRASP A OTRAS CTAS CLAVENET   ;5000.00;5000.00;767.950,75;1602;Nota de Crédito;5.000,00
16/09/2022 - 11:19;0590590340183;ABO TRASP A OTRAS CTAS CLAVENET   ;1219.00;1219.00;762.950,75;1602;Nota de Crédito;1.219,00
16/09/2022 - 11:07;0590589670668;ABO TRASP A OTRAS CTAS CLAVENET   ;3215.00;3215.00;761.731,75;1602;Nota de Crédito;3.215,00
16/09/2022 - 09:54;0590585290915;ABO TRASP A OTRAS CTAS CLAVENET   ;789.17;789.17;758.516,75;1602;Nota de Crédito;789,17
16/09/2022 - 09:12;0590582735127;ABO TRASP A OTRAS CTAS CLAVENET   ;170.00;170.00;757.727,58;1602;Nota de Crédito;170,00
16/09/2022 - 09:09;0423303701995;TRANSFERENCIA SGLBTR              ;250000.00;250000.00;757.557,58;9469;Nota de Crédito;250.000,00
16/09/2022 - 08:58;0590554641628;ABO TRASP A OTRAS CTAS CLAVENET   ;470000.00;470000.00;507.557,58;1602;Nota de Crédito;470.000,00
16/09/2022 - 08:07;0590578863641;ABO TRASP A OTRAS CTAS CLAVENET   ;222.60;222.60;37.557,58;1602;Nota de Crédito;222,60
16/09/2022 - 06:06;5490171597043;ABO TRASP A OTRAS CTAS CLAVENET   ;2438.81;2438.81;37.334,98;1602;Nota de Crédito;2.438,81
15/09/2022 - 15:23;9569954611809;CARGO POR IGTF                    ;-6.20;-6.20;34.896,17;5699;Nota de Débito;-6,20
15/09/2022 - 15:23;0590554611809;TRASPASO OTRAS CTAS BDV EN LINEA  ;-310.20;-310.20;34.902,37;5602;Nota de Débito;-310,20
15/09/2022 - 12:07;0590563655522;ABO TRASP A OTRAS CTAS CLAVENET   ;1925.00;1925.00;35.212,57;1602;Nota de Crédito;1.925,00
15/09/2022 - 11:46;0590505570512;ABO TRASP A OTRAS CTAS CLAVENET   ;342.03;342.03;33.287,57;1602;Nota de Crédito;342,03
15/09/2022 - 10:06;0590554589752;ABO TRASP A OTRAS CTAS CLAVENET   ;2007.50;2007.50;32.945,54;1602;Nota de Crédito;2.007,50
15/09/2022 - 09:02;0590554583170;ABO TRASP A OTRAS CTAS CLAVENET   ;802.94;802.94;30.938,04;1602;Nota de Crédito;802,94
15/09/2022 - 07:54;5490191694748;ABO TRASP A OTRAS CTAS CLAVENET   ;395.02;395.02;30.135,10;1602;Nota de Crédito;395,02
14/09/2022 - 16:45;9569900064913;CARGO POR IGTF                    ;-0.14;-0.14;29.740,08;5699;Nota de Débito;-0,14
14/09/2022 - 16:45;0676200064913;COMISION PAGO A PROVEEDORES       ;-7.20;-7.20;29.740,22;7931;Nota de Débito;-7,20
14/09/2022 - 16:43;0590554560727;ABO TRASP A OTRAS CTAS CLAVENET   ;10000.00;10000.00;29.747,42;1602;Nota de Crédito;10.000,00
14/09/2022 - 16:40;9569900064913;CARGO POR IGTF                    ;-57.60;-57.60;19.747,42;5699;Nota de Débito;-57,60
14/09/2022 - 16:40;0329200064913;PAGO A PROVEEDORES B D V          ;-2880.00;-2880.00;19.805,02;6513;Nota de Débito;-2.880,00
14/09/2022 - 16:38;0590593518340;ABO TRASP A OTRAS CTAS CLAVENET   ;12240.00;12240.00;22.685,02;1602;Nota de Crédito;12.240,00
14/09/2022 - 13:04;0590554551300;ABO TRASP A OTRAS CTAS CLAVENET   ;7045.12;7045.12;10.445,02;1602;Nota de Crédito;7.045,12
14/09/2022 - 12:52;0590579939515;ABO TRASP A OTRAS CTAS CLAVENET   ;800.00;800.00;3.399,90;1602;Nota de Crédito;800,00
14/09/2022 - 11:15;9569900057336;CARGO POR IGTF                    ;-0.19;-0.19;2.599,90;5699;Nota de Débito;-0,19
14/09/2022 - 11:15;0676200057336;COMISION PAGO A PROVEEDORES       ;-9.58;-9.58;2.600,09;7931;Nota de Débito;-9,58
14/09/2022 - 11:10;9569900057336;CARGO POR IGTF                    ;-76.64;-76.64;2.609,67;5699;Nota de Débito;-76,64
14/09/2022 - 11:10;0329200057336;PAGO A PROVEEDORES B D V          ;-3832.08;-3832.08;2.686,31;6513;Nota de Débito;-3.832,08
14/09/2022 - 10:10;9569900064881;CARGO POR IGTF                    ;-0.30;-0.30;6.518,39;5699;Nota de Débito;-0,30
14/09/2022 - 10:10;0676200064881;COMISION PAGO A PROVEEDORES       ;-14.81;-14.81;6.518,69;7931;Nota de Débito;-14,81
14/09/2022 - 10:10;9569900064880;CARGO POR IGTF                    ;-0.02;-0.02;6.533,50;5699;Nota de Débito;-0,02
14/09/2022 - 10:10;0676200064880;COMISION PAGO A PROVEEDORES       ;-0.79;-0.79;6.533,52;7931;Nota de Débito;-0,79
14/09/2022 - 10:05;9569900064881;CARGO POR IGTF                    ;-118.52;-118.52;6.534,31;5699;Nota de Débito;-118,52
14/09/2022 - 10:05;0329200064881;PAGO A PROVEEDORES B D V          ;-5926.20;-5926.20;6.652,83;6513;Nota de Débito;-5.926,20
14/09/2022 - 10:05;9569900064880;CARGO POR IGTF                    ;-6.39;-6.39;12.579,03;5699;Nota de Débito;-6,39
14/09/2022 - 10:05;0329200064880;PAGO A PROVEEDORES B D V          ;-319.34;-319.34;12.585,42;6513;Nota de Débito;-319,34
14/09/2022 - 10:02;9569954539305;CARGO POR IGTF                    ;-1.59;-1.59;12.904,76;5699;Nota de Débito;-1,59
14/09/2022 - 10:02;0590554539305;TRASPASO OTRAS CTAS BDV EN LINEA  ;-79.64;-79.64;12.906,35;5602;Nota de Débito;-79,64
14/09/2022 - 10:01;9569954539168;CARGO POR IGTF                    ;-0.56;-0.56;12.985,99;5699;Nota de Débito;-0,56
14/09/2022 - 10:01;0590554539168;TRASPASO OTRAS CTAS BDV EN LINEA  ;-27.87;-27.87;12.986,55;5602;Nota de Débito;-27,87
14/09/2022 - 09:40;9569954537363;CARGO POR IGTF                    ;-0.04;-0.04;13.014,42;5699;Nota de Débito;-0,04
14/09/2022 - 09:40;0590554537363;TRASPASO OTRAS CTAS BDV EN LINEA  ;-2.00;-2.00;13.014,46;5602;Nota de Débito;-2,00
14/09/2022 - 09:39;9569954537266;CARGO POR IGTF                    ;-0.04;-0.04;13.016,46;5699;Nota de Débito;-0,04
14/09/2022 - 09:39;0590554537266;TRASPASO OTRAS CTAS BDV EN LINEA  ;-2.00;-2.00;13.016,50;5602;Nota de Débito;-2,00
14/09/2022 - 09:39;9569954537208;CARGO POR IGTF                    ;-0.04;-0.04;13.018,50;5699;Nota de Débito;-0,04
14/09/2022 - 09:39;0590554537208;TRASPASO OTRAS CTAS BDV EN LINEA  ;-2.00;-2.00;13.018,54;5602;Nota de Débito;-2,00
14/09/2022 - 09:38;9569954537139;CARGO POR IGTF                    ;-0.04;-0.04;13.020,54;5699;Nota de Débito;-0,04
14/09/2022 - 09:38;0590554537139;TRASPASO OTRAS CTAS BDV EN LINEA  ;-2.00;-2.00;13.020,58;5602;Nota de Débito;-2,00
14/09/2022 - 09:37;9569954537059;CARGO POR IGTF                    ;-0.04;-0.04;13.022,58;5699;Nota de Débito;-0,04
14/09/2022 - 09:37;0590554537059;TRASPASO OTRAS CTAS BDV EN LINEA  ;-2.00;-2.00;13.022,62;5602;Nota de Débito;-2,00
14/09/2022 - 09:36;9569954536974;CARGO POR IGTF                    ;-0.04;-0.04;13.024,62;5699;Nota de Débito;-0,04
14/09/2022 - 09:36;0590554536974;TRASPASO OTRAS CTAS BDV EN LINEA  ;-2.00;-2.00;13.024,66;5602;Nota de Débito;-2,00
14/09/2022 - 09:36;9569954536911;CARGO POR IGTF                    ;-0.04;-0.04;13.026,66;5699;Nota de Débito;-0,04
14/09/2022 - 09:36;0590554536911;TRASPASO OTRAS CTAS BDV EN LINEA  ;-2.00;-2.00;13.026,70;5602;Nota de Débito;-2,00
14/09/2022 - 09:34;9569954536749;CARGO POR IGTF                    ;-0.04;-0.04;13.028,70;5699;Nota de Débito;-0,04
14/09/2022 - 09:34;0590554536749;TRASPASO OTRAS CTAS BDV EN LINEA  ;-2.00;-2.00;13.028,74;5602;Nota de Débito;-2,00
14/09/2022 - 09:33;0590511224161;ABO TRASP A OTRAS CTAS CLAVENET   ;307.20;307.20;13.030,74;1602;Nota de Crédito;307,20
14/09/2022 - 09:33;9569954536689;CARGO POR IGTF                    ;-0.04;-0.04;12.723,54;5699;Nota de Débito;-0,04
14/09/2022 - 09:33;0590554536689;TRASPASO OTRAS CTAS BDV EN LINEA  ;-2.00;-2.00;12.723,58;5602;Nota de Débito;-2,00
14/09/2022 - 09:31;9569954536453;CARGO POR IGTF                    ;-0.04;-0.04;12.725,58;5699;Nota de Débito;-0,04
14/09/2022 - 09:31;0590554536453;TRASPASO OTRAS CTAS BDV EN LINEA  ;-2.00;-2.00;12.725,62;5602;Nota de Débito;-2,00
14/09/2022 - 08:16;5490106579334;ABO TRASP A OTRAS CTAS CLAVENET   ;2411.20;2411.20;12.727,62;1602;Nota de Crédito;2.411,20
14/09/2022 - 06:35;0590500540497;ABO TRASP A OTRAS CTAS CLAVENET   ;849.00;849.00;10.316,42;1602;Nota de Crédito;849,00
13/09/2022 - 17:40;9569900064744;CARGO POR IGTF                    ;-10.00;-10.00;9.467,42;5699;Nota de Débito;-10,00
13/09/2022 - 17:40;0676200064744;COMISION PAGO A PROVEEDORES       ;-500.00;-500.00;9.477,42;7931;Nota de Débito;-500,00
13/09/2022 - 17:10;9569900064744;CARGO POR IGTF                    ;-4000.00;-4000.00;9.977,42;5699;Nota de Débito;-4.000,00
13/09/2022 - 17:10;0329200064744;PAGO A PROVEEDORES B D V          ;-200000.00;-200000.00;13.977,42;6513;Nota de Débito;-200.000,00
13/09/2022 - 17:04;0590554513133;ABO TRASP A OTRAS CTAS CLAVENET   ;200000.00;200000.00;213.977,42;1602;Nota de Crédito;200.000,00
13/09/2022 - 13:17;0590595058693;ABO TRASP A OTRAS CTAS CLAVENET   ;39.64;39.64;13.977,42;1602;Nota de Crédito;39,64
13/09/2022 - 13:17;0590595031581;ABO TRASP A OTRAS CTAS CLAVENET   ;25.05;25.05;13.937,78;1602;Nota de Crédito;25,05
13/09/2022 - 13:12;0590594769130;ABO TRASP A OTRAS CTAS CLAVENET   ;21.94;21.94;13.912,73;1602;Nota de Crédito;21,94
13/09/2022 - 12:26;9569954502205;CARGO POR IGTF                    ;-3.29;-3.29;13.890,79;5699;Nota de Débito;-3,29
13/09/2022 - 12:26;0590554502205;TRASPASO OTRAS CTAS BDV EN LINEA  ;-164.40;-164.40;13.894,08;5602;Nota de Débito;-164,40
13/09/2022 - 12:18;5490191528305;ABO TRASP A OTRAS CTAS CLAVENET   ;508.00;508.00;14.058,48;1602;Nota de Crédito;508,00
13/09/2022 - 11:38;0590532314141;ABO TRASP A OTRAS CTAS CLAVENET   ;135.03;135.03;13.550,48;1602;Nota de Crédito;135,03
13/09/2022 - 11:28;5490131689697;ABO TRASP A OTRAS CTAS CLAVENET   ;425.14;425.14;13.415,45;1602;Nota de Crédito;425,14
13/09/2022 - 10:40;0590554495809;ABO TRASP A OTRAS CTAS CLAVENET   ;1569.04;1569.04;12.990,31;1602;Nota de Crédito;1.569,04
13/09/2022 - 10:37;0590554495602;ABO TRASP A OTRAS CTAS CLAVENET   ;3200.00;3200.00;11.421,27;1602;Nota de Crédito;3.200,00
13/09/2022 - 09:51;0590525907938;ABO TRASP A OTRAS CTAS CLAVENET   ;31.68;31.68;8.221,27;1602;Nota de Crédito;31,68
13/09/2022 - 09:12;5490123555849;ABO TRASP A OTRAS CTAS CLAVENET   ;885.92;885.92;8.189,59;1602;Nota de Crédito;885,92
13/09/2022 - 08:57;0590522663351;ABO TRASP A OTRAS CTAS CLAVENET   ;479.00;479.00;7.303,67;1602;Nota de Crédito;479,00
12/09/2022 - 17:20;9569900064744;CARGO POR IGTF                    ;-8.00;-8.00;6.824,67;5699;Nota de Débito;-8,00
12/09/2022 - 17:20;0676200064744;COMISION PAGO A PROVEEDORES       ;-400.00;-400.00;6.832,67;7931;Nota de Débito;-400,00
12/09/2022 - 17:15;9569900064744;CARGO POR IGTF                    ;-3200.00;-3200.00;7.232,67;5699;Nota de Débito;-3.200,00
12/09/2022 - 17:15;0329200064744;PAGO A PROVEEDORES B D V          ;-160000.00;-160000.00;10.432,67;6513;Nota de Débito;-160.000,00
12/09/2022 - 16:57;0590554466950;ABO TRASP A OTRAS CTAS CLAVENET   ;150000.00;150000.00;170.432,67;1602;Nota de Crédito;150.000,00
12/09/2022 - 16:21;0590519685941;ABO TRASP A OTRAS CTAS CLAVENET   ;271.96;271.96;20.432,67;1602;Nota de Crédito;271,96
12/09/2022 - 16:11;0329200000001;PAGO A PROVEEDORES B D V          ;1760.00;1760.00;20.160,71;2021;Nota de Crédito;1.760,00
12/09/2022 - 16:06;0590518764604;ABO TRASP A OTRAS CTAS CLAVENET   ;782.80;782.80;18.400,71;1602;Nota de Crédito;782,80
12/09/2022 - 15:52;0590517979293;ABO TRASP A OTRAS CTAS CLAVENET   ;425.49;425.49;17.617,91;1602;Nota de Crédito;425,49
12/09/2022 - 15:49;0590517765504;ABO TRASP A OTRAS CTAS CLAVENET   ;2394.00;2394.00;17.192,42;1602;Nota de Crédito;2.394,00
12/09/2022 - 15:47;5490117641829;ABO TRASP A OTRAS CTAS CLAVENET   ;7805.24;7805.24;14.798,42;1602;Nota de Crédito;7.805,24
12/09/2022 - 15:16;0590515791493;ABO TRASP A OTRAS CTAS CLAVENET   ;512.96;512.96;6.993,18;1602;Nota de Crédito;512,96
12/09/2022 - 09:43;0592399963618;PAGO IMPUESTOS INTERNET           ;-28199.00;-28199.00;6.480,22;7736;Nota de Débito;-28.199,00
12/09/2022 - 09:41;0592399959439;PAGO IMPUESTOS INTERNET           ;-22.13;-22.13;34.679,22;7736;Nota de Débito;-22,13
12/09/2022 - 09:40;0592399957417;PAGO IMPUESTOS INTERNET           ;-134036.25;-134036.25;34.701,35;7736;Nota de Débito;-134.036,25
12/09/2022 - 09:35;0590554441964;ABO TRASP A OTRAS CTAS CLAVENET   ;120000.00;120000.00;168.737,60;1602;Nota de Crédito;120.000,00
12/09/2022 - 09:29;0592399937101;PAGO IMPUESTOS INTERNET           ;-42281.86;-42281.86;48.737,60;7736;Nota de Débito;-42.281,86
11/09/2022 - 07:14;5490143650623;ABO TRASP A OTRAS CTAS CLAVENET   ;1212.96;1212.96;91.019,46;1602;Nota de Crédito;1.212,96
10/09/2022 - 11:44;0590573489509;ABO TRASP A OTRAS CTAS CLAVENET   ;1139.21;1139.21;89.806,50;1602;Nota de Crédito;1.139,21
10/09/2022 - 08:50;5490163056012;ABO TRASP A OTRAS CTAS CLAVENET   ;114.20;114.20;88.667,29;1602;Nota de Crédito;114,20
09/09/2022 - 17:15;9569954355921;CARGO POR IGTF                    ;-34.65;-34.65;88.553,09;5699;Nota de Débito;-34,65
09/09/2022 - 17:15;0590554355921;TRASPASO OTRAS CTAS BDV EN LINEA  ;-1732.50;-1732.50;88.587,74;5602;Nota de Débito;-1.732,50
09/09/2022 - 16:22;9569954353541;CARGO POR IGTF                    ;-4.08;-4.08;90.320,24;5699;Nota de Débito;-4,08
09/09/2022 - 16:22;0590554353541;TRASPASO OTRAS CTAS BDV EN LINEA  ;-203.75;-203.75;90.324,32;5602;Nota de Débito;-203,75
09/09/2022 - 16:21;9569954353472;CARGO POR IGTF                    ;-1.80;-1.80;90.528,07;5699;Nota de Débito;-1,80
09/09/2022 - 16:21;0590554353472;TRASPASO OTRAS CTAS BDV EN LINEA  ;-90.00;-90.00;90.529,87;5602;Nota de Débito;-90,00
09/09/2022 - 16:19;9569954353415;CARGO POR IGTF                    ;-1.80;-1.80;90.619,87;5699;Nota de Débito;-1,80
09/09/2022 - 16:19;0590554353415;TRASPASO OTRAS CTAS BDV EN LINEA  ;-90.00;-90.00;90.621,67;5602;Nota de Débito;-90,00
09/09/2022 - 15:59;9569954352450;CARGO POR IGTF                    ;-7.85;-7.85;90.711,67;5699;Nota de Débito;-7,85
09/09/2022 - 15:59;0590554352450;TRASPASO OTRAS CTAS BDV EN LINEA  ;-392.31;-392.31;90.719,52;5602;Nota de Débito;-392,31
09/09/2022 - 15:58;9569954352380;CARGO POR IGTF                    ;-4.38;-4.38;91.111,83;5699;Nota de Débito;-4,38
09/09/2022 - 15:58;0590554352380;TRASPASO OTRAS CTAS BDV EN LINEA  ;-219.15;-219.15;91.116,21;5602;Nota de Débito;-219,15
09/09/2022 - 15:55;9569954352245;CARGO POR IGTF                    ;-4.38;-4.38;91.335,36;5699;Nota de Débito;-4,38
09/09/2022 - 15:55;0590554352245;TRASPASO OTRAS CTAS BDV EN LINEA  ;-219.15;-219.15;91.339,74;5602;Nota de Débito;-219,15
09/09/2022 - 15:50;9569954351997;CARGO POR IGTF                    ;-4.89;-4.89;91.558,89;5699;Nota de Débito;-4,89
09/09/2022 - 15:50;0590554351997;TRASPASO OTRAS CTAS BDV EN LINEA  ;-244.50;-244.50;91.563,78;5602;Nota de Débito;-244,50
09/09/2022 - 15:49;9569954351953;CARGO POR IGTF                    ;-13.04;-13.04;91.808,28;5699;Nota de Débito;-13,04
09/09/2022 - 15:49;0590554351953;TRASPASO OTRAS CTAS BDV EN LINEA  ;-652.00;-652.00;91.821,32;5602;Nota de Débito;-652,00
09/09/2022 - 15:48;9569954351901;CARGO POR IGTF                    ;-9.78;-9.78;92.473,32;5699;Nota de Débito;-9,78
09/09/2022 - 15:48;0590554351901;TRASPASO OTRAS CTAS BDV EN LINEA  ;-489.00;-489.00;92.483,10;5602;Nota de Débito;-489,00
09/09/2022 - 15:47;9569954351865;CARGO POR IGTF                    ;-16.30;-16.30;92.972,10;5699;Nota de Débito;-16,30
09/09/2022 - 15:47;0590554351865;TRASPASO OTRAS CTAS BDV EN LINEA  ;-815.00;-815.00;92.988,40;5602;Nota de Débito;-815,00
09/09/2022 - 07:30;5490171805094;ABO TRASP A OTRAS CTAS CLAVENET   ;280.00;280.00;93.803,40;1602;Nota de Crédito;280,00
08/09/2022 - 17:52;0590579562846;ABO TRASP A OTRAS CTAS CLAVENET   ;449.00;449.00;93.523,40;1602;Nota de Crédito;449,00
08/09/2022 - 17:25;0590554302954;ABO TRASP A OTRAS CTAS CLAVENET   ;1931.00;1931.00;93.074,40;1602;Nota de Crédito;1.931,00
08/09/2022 - 16:15;0329200000001;PAGO A PROVEEDORES B D V          ;2545.05;2545.05;91.143,40;2021;Nota de Crédito;2.545,05
08/09/2022 - 12:40;5490160808208;ABO TRASP A OTRAS CTAS CLAVENET   ;1000.00;1000.00;88.598,35;1602;Nota de Crédito;1.000,00
08/09/2022 - 11:21;0590599281643;ABO TRASP A OTRAS CTAS CLAVENET   ;0.01;0.01;87.598,35;1602;Nota de Crédito;0,01
07/09/2022 - 15:26;0590584419514;ABO TRASP A OTRAS CTAS CLAVENET   ;29.00;29.00;87.598,34;1602;Nota de Crédito;29,00
07/09/2022 - 14:22;9569954247794;CARGO POR IGTF                    ;-8.92;-8.92;87.569,34;5699;Nota de Débito;-8,92
07/09/2022 - 14:22;0590554247794;TRASPASO OTRAS CTAS BDV EN LINEA  ;-446.17;-446.17;87.578,26;5602;Nota de Débito;-446,17
07/09/2022 - 13:00;0676200057181;COMISION PAGO A PROVEEDORES       ;-0.01;-0.01;88.024,43;7931;Nota de Débito;-0,01
07/09/2022 - 13:00;0676200057158;COMISION PAGO A PROVEEDORES       ;-0.01;-0.01;88.024,44;7931;Nota de Débito;-0,01
07/09/2022 - 13:00;9569900057155;CARGO POR IGTF                    ;-0.13;-0.13;88.024,45;5699;Nota de Débito;-0,13
07/09/2022 - 13:00;0676200057155;COMISION PAGO A PROVEEDORES       ;-6.45;-6.45;88.024,58;7931;Nota de Débito;-6,45
07/09/2022 - 13:00;0676200057174;COMISION PAGO A PROVEEDORES       ;-0.17;-0.17;88.031,03;7931;Nota de Débito;-0,17
07/09/2022 - 13:00;9569900057157;CARGO POR IGTF                    ;-0.33;-0.33;88.031,20;5699;Nota de Débito;-0,33
07/09/2022 - 13:00;0676200057157;COMISION PAGO A PROVEEDORES       ;-16.37;-16.37;88.031,53;7931;Nota de Débito;-16,37
07/09/2022 - 13:00;9569900057164;CARGO POR IGTF                    ;-0.04;-0.04;88.047,90;5699;Nota de Débito;-0,04
07/09/2022 - 13:00;0676200057164;COMISION PAGO A PROVEEDORES       ;-2.18;-2.18;88.047,94;7931;Nota de Débito;-2,18
07/09/2022 - 13:00;9569900057163;CARGO POR IGTF                    ;-0.02;-0.02;88.050,12;5699;Nota de Débito;-0,02
07/09/2022 - 13:00;0676200057163;COMISION PAGO A PROVEEDORES       ;-1.12;-1.12;88.050,14;7931;Nota de Débito;-1,12
07/09/2022 - 13:00;9569900057160;CARGO POR IGTF                    ;-0.19;-0.19;88.051,26;5699;Nota de Débito;-0,19
07/09/2022 - 13:00;0676200057160;COMISION PAGO A PROVEEDORES       ;-9.73;-9.73;88.051,45;7931;Nota de Débito;-9,73
07/09/2022 - 13:00;9569900057177;CARGO POR IGTF                    ;-0.25;-0.25;88.061,18;5699;Nota de Débito;-0,25
07/09/2022 - 13:00;0676200057177;COMISION PAGO A PROVEEDORES       ;-12.31;-12.31;88.061,43;7931;Nota de Débito;-12,31
07/09/2022 - 13:00;9569900057168;CARGO POR IGTF                    ;-0.87;-0.87;88.073,74;5699;Nota de Débito;-0,87
07/09/2022 - 13:00;0676200057168;COMISION PAGO A PROVEEDORES       ;-43.69;-43.69;88.074,61;7931;Nota de Débito;-43,69
07/09/2022 - 12:57;9569900057155;CARGO POR IGTF                    ;-51.64;-51.64;88.118,30;5699;Nota de Débito;-51,64
07/09/2022 - 12:57;0329200057155;PAGO A PROVEEDORES B D V          ;-2582.03;-2582.03;88.169,94;6513;Nota de Débito;-2.582,03
07/09/2022 - 12:57;9569900057158;CARGO POR IGTF                    ;-0.01;-0.01;90.751,97;5699;Nota de Débito;-0,01
07/09/2022 - 12:57;0329200057158;PAGO A PROVEEDORES B D V          ;-0.38;-0.38;90.751,98;6513;Nota de Débito;-0,38
07/09/2022 - 12:57;9569900057181;CARGO POR IGTF                    ;-0.01;-0.01;90.752,36;5699;Nota de Débito;-0,01
07/09/2022 - 12:57;0329200057181;PAGO A PROVEEDORES B D V          ;-0.38;-0.38;90.752,37;6513;Nota de Débito;-0,38
07/09/2022 - 12:57;9569900057163;CARGO POR IGTF                    ;-8.98;-8.98;90.752,75;5699;Nota de Débito;-8,98
07/09/2022 - 12:57;0329200057163;PAGO A PROVEEDORES B D V          ;-449.19;-449.19;90.761,73;6513;Nota de Débito;-449,19
07/09/2022 - 12:57;9569900057177;CARGO POR IGTF                    ;-98.51;-98.51;91.210,92;5699;Nota de Débito;-98,51
07/09/2022 - 12:57;0329200057177;PAGO A PROVEEDORES B D V          ;-4925.63;-4925.63;91.309,43;6513;Nota de Débito;-4.925,63
07/09/2022 - 12:57;9569900057164;CARGO POR IGTF                    ;-17.50;-17.50;96.235,06;5699;Nota de Débito;-17,50
07/09/2022 - 12:57;0329200057164;PAGO A PROVEEDORES B D V          ;-875.11;-875.11;96.252,56;6513;Nota de Débito;-875,11
07/09/2022 - 12:57;9569900057160;CARGO POR IGTF                    ;-77.86;-77.86;97.127,67;5699;Nota de Débito;-77,86
07/09/2022 - 12:57;0329200057160;PAGO A PROVEEDORES B D V          ;-3892.90;-3892.90;97.205,53;6513;Nota de Débito;-3.892,90
07/09/2022 - 12:57;9569900057157;CARGO POR IGTF                    ;-130.96;-130.96;101.098,43;5699;Nota de Débito;-130,96
07/09/2022 - 12:57;0329200057157;PAGO A PROVEEDORES B D V          ;-6548.23;-6548.23;101.229,39;6513;Nota de Débito;-6.548,23
07/09/2022 - 12:57;9569900057174;CARGO POR IGTF                    ;-1.38;-1.38;107.777,62;5699;Nota de Débito;-1,38
07/09/2022 - 12:57;0329200057174;PAGO A PROVEEDORES B D V          ;-68.88;-68.88;107.779,00;6513;Nota de Débito;-68,88
07/09/2022 - 12:57;9569900057168;CARGO POR IGTF                    ;-349.57;-349.57;107.847,88;5699;Nota de Débito;-349,57
07/09/2022 - 12:57;0329200057168;PAGO A PROVEEDORES B D V          ;-17478.34;-17478.34;108.197,45;6513;Nota de Débito;-17.478,34
07/09/2022 - 12:52;9569954243930;CARGO POR IGTF                    ;-7.45;-7.45;125.675,79;5699;Nota de Débito;-7,45
07/09/2022 - 12:52;0590554243930;TRASPASO OTRAS CTAS BDV EN LINEA  ;-372.74;-372.74;125.683,24;5602;Nota de Débito;-372,74
07/09/2022 - 12:51;9569954243876;CARGO POR IGTF                    ;-0.95;-0.95;126.055,98;5699;Nota de Débito;-0,95
07/09/2022 - 12:51;0590554243876;TRASPASO OTRAS CTAS BDV EN LINEA  ;-47.58;-47.58;126.056,93;5602;Nota de Débito;-47,58
07/09/2022 - 12:50;9569954243841;CARGO POR IGTF                    ;-0.04;-0.04;126.104,51;5699;Nota de Débito;-0,04
07/09/2022 - 12:50;0590554243841;TRASPASO OTRAS CTAS BDV EN LINEA  ;-1.98;-1.98;126.104,55;5602;Nota de Débito;-1,98
07/09/2022 - 10:42;9569954236206;CARGO POR IGTF                    ;-20.43;-20.43;126.106,53;5699;Nota de Débito;-20,43
07/09/2022 - 10:42;0590554236206;TRASPASO OTRAS CTAS BDV EN LINEA  ;-1021.44;-1021.44;126.126,96;5602;Nota de Débito;-1.021,44
07/09/2022 - 10:41;0590510470326;ABO TRASP A OTRAS CTAS CLAVENET   ;129.34;129.34;127.148,40;1602;Nota de Crédito;129,34
07/09/2022 - 09:28;5490106123202;ABO TRASP A OTRAS CTAS CLAVENET   ;3910.20;3910.20;127.019,06;1602;Nota de Crédito;3.910,20
07/09/2022 - 09:15;0590505300978;ABO TRASP A OTRAS CTAS CLAVENET   ;310.42;310.42;123.108,86;1602;Nota de Crédito;310,42
07/09/2022 - 08:36;9569954224370;CARGO POR IGTF                    ;-0.64;-0.64;122.798,44;5699;Nota de Débito;-0,64
07/09/2022 - 08:36;0590554224370;TRASPASO OTRAS CTAS BDV EN LINEA  ;-31.92;-31.92;122.799,08;5602;Nota de Débito;-31,92
06/09/2022 - 18:53;0590554207523;ABO TRASP A OTRAS CTAS CLAVENET   ;24232.88;24232.88;122.831,00;1602;Nota de Crédito;24.232,88
06/09/2022 - 00:00;9569996077025;CARGO POR IGTF                    ;-0.06;-0.06;98.598,12;5699;Nota de Débito;-0,06
06/09/2022 - 00:00;0427896077025;COMIS TRANSF INTERBANCARIA        ;-3.03;-3.03;98.598,18;7448;Nota de Débito;-3,03
06/09/2022 - 00:00;9569996071521;CARGO POR IGTF                    ;-0.06;-0.06;98.601,21;5699;Nota de Débito;-0,06
06/09/2022 - 00:00;0427896071521;COMIS TRANSF INTERBANCARIA        ;-3.03;-3.03;98.601,27;7448;Nota de Débito;-3,03
06/09/2022 - 00:00;9569996082614;CARGO POR IGTF                    ;-0.06;-0.06;98.604,30;5699;Nota de Débito;-0,06
06/09/2022 - 00:00;0427896082614;COMIS TRANSF INTERBANCARIA        ;-3.03;-3.03;98.604,36;7448;Nota de Débito;-3,03
06/09/2022 - 12:01;0329200000001;PAGO A PROVEEDORES B D V          ;421.85;421.85;98.607,39;2021;Nota de Crédito;421,85
06/09/2022 - 11:29;0590526942131;ABO TRASP A OTRAS CTAS CLAVENET   ;450.00;450.00;98.185,54;1602;Nota de Crédito;450,00
06/09/2022 - 10:30;9569954185861;CARGO POR IGTF                    ;-0.32;-0.32;97.735,54;5699;Nota de Débito;-0,32
06/09/2022 - 10:30;0590554185861;TRASPASO OTRAS CTAS BDV EN LINEA  ;-15.88;-15.88;97.735,86;5602;Nota de Débito;-15,88
06/09/2022 - 10:01;5490121712643;ABO TRASP A OTRAS CTAS CLAVENET   ;1807.98;1807.98;97.751,74;1602;Nota de Crédito;1.807,98
06/09/2022 - 09:52;5490121160155;ABO TRASP A OTRAS CTAS CLAVENET   ;4377.16;4377.16;95.943,76;1602;Nota de Crédito;4.377,16
06/09/2022 - 09:39;9569954181438;CARGO POR IGTF                    ;-1.11;-1.11;91.566,60;5699;Nota de Débito;-1,11
06/09/2022 - 09:39;0590554181438;TRASPASO OTRAS CTAS BDV EN LINEA  ;-55.58;-55.58;91.567,71;5602;Nota de Débito;-55,58
06/09/2022 - 09:14;5490118879942;ABO TRASP A OTRAS CTAS CLAVENET   ;1000.00;1000.00;91.623,29;1602;Nota de Crédito;1.000,00
06/09/2022 - 08:47;9569954175715;CARGO POR IGTF                    ;-2.34;-2.34;90.623,29;5699;Nota de Débito;-2,34
06/09/2022 - 08:47;0590554175715;TRASPASO OTRAS CTAS BDV EN LINEA  ;-116.83;-116.83;90.625,63;5602;Nota de Débito;-116,83
06/09/2022 - 08:45;9569954175571;CARGO POR IGTF                    ;-2.34;-2.34;90.742,46;5699;Nota de Débito;-2,34
06/09/2022 - 08:45;0590554175571;TRASPASO OTRAS CTAS BDV EN LINEA  ;-116.83;-116.83;90.744,80;5602;Nota de Débito;-116,83
06/09/2022 - 08:44;9569954175354;CARGO POR IGTF                    ;-2.31;-2.31;90.861,63;5699;Nota de Débito;-2,31
06/09/2022 - 08:44;0590554175354;TRASPASO OTRAS CTAS BDV EN LINEA  ;-115.66;-115.66;90.863,94;5602;Nota de Débito;-115,66
06/09/2022 - 08:24;5490115892412;ABO TRASP A OTRAS CTAS CLAVENET   ;382.14;382.14;90.979,60;1602;Nota de Crédito;382,14
06/09/2022 - 07:56;0590514193003;ABO TRASP A OTRAS CTAS CLAVENET   ;16.00;16.00;90.597,46;1602;Nota de Crédito;16,00
06/09/2022 - 06:57;0590510627442;ABO TRASP A OTRAS CTAS CLAVENET   ;80.13;80.13;90.581,46;1602;Nota de Crédito;80,13
05/09/2022 - 18:25;0590522351903;ABO TRASP A OTRAS CTAS CLAVENET   ;972.00;972.00;90.501,33;1602;Nota de Crédito;972,00
05/09/2022 - 14:51;9569954148782;CARGO POR IGTF                    ;-3.30;-3.30;89.529,33;5699;Nota de Débito;-3,30
05/09/2022 - 14:51;0590554148782;TRASPASO OTRAS CTAS BDV EN LINEA  ;-165.20;-165.20;89.532,63;5602;Nota de Débito;-165,20
05/09/2022 - 13:19;5490103995805;ABO TRASP A OTRAS CTAS CLAVENET   ;35.18;35.18;89.697,83;1602;Nota de Crédito;35,18
05/09/2022 - 12:55;9569954143515;CARGO POR IGTF                    ;-65.84;-65.84;89.662,65;5699;Nota de Débito;-65,84
05/09/2022 - 12:55;0590554143515;TRASPASO OTRAS CTAS BDV EN LINEA  ;-3292.00;-3292.00;89.728,49;5602;Nota de Débito;-3.292,00
05/09/2022 - 12:45;0590501949881;ABO TRASP A OTRAS CTAS CLAVENET   ;145.35;145.35;93.020,49;1602;Nota de Crédito;145,35
05/09/2022 - 12:34;0590501266091;ABO TRASP A OTRAS CTAS CLAVENET   ;552.61;552.61;92.875,14;1602;Nota de Crédito;552,61
05/09/2022 - 12:22;0590500575660;ABO TRASP A OTRAS CTAS CLAVENET   ;2538.72;2538.72;92.322,53;1602;Nota de Crédito;2.538,72
04/09/2022 - 08:10;0590542201649;ABO TRASP A OTRAS CTAS CLAVENET   ;1842.80;1842.80;89.783,81;1602;Nota de Crédito;1.842,80
02/09/2022 - 16:08;0590554890583;ABO TRASP A OTRAS CTAS CLAVENET   ;731.00;731.00;87.941,01;1602;Nota de Crédito;731,00
02/09/2022 - 14:17;5490148245278;ABO TRASP A OTRAS CTAS CLAVENET   ;295.00;295.00;87.210,01;1602;Nota de Crédito;295,00
02/09/2022 - 14:07;9569954025478;CARGO POR IGTF                    ;-2.53;-2.53;86.915,01;5699;Nota de Débito;-2,53
02/09/2022 - 14:07;0590554025478;TRASPASO OTRAS CTAS BDV EN LINEA  ;-126.40;-126.40;86.917,54;5602;Nota de Débito;-126,40
02/09/2022 - 11:49;0426500057013;REINT PAGO PROVEEDORES ENVIADOS   ;4713.18;4713.18;87.043,94;2520;Nota de Crédito;4.713,18
02/09/2022 - 11:20;9569900057005;CARGO POR IGTF                    ;-0.06;-0.06;82.330,76;5699;Nota de Débito;-0,06
02/09/2022 - 11:20;0676200057005;COMISION PAGO A PROVEEDORES       ;-2.84;-2.84;82.330,82;7931;Nota de Débito;-2,84
02/09/2022 - 11:12;9569900064388;CARGO POR IGTF                    ;-0.10;-0.10;82.333,66;5699;Nota de Débito;-0,10
02/09/2022 - 11:12;0676200064388;COMISION PAGO A PROVEEDORES       ;-4.93;-4.93;82.333,76;7931;Nota de Débito;-4,93
02/09/2022 - 11:12;9569900057005;CARGO POR IGTF                    ;-22.78;-22.78;82.338,69;5699;Nota de Débito;-22,78
02/09/2022 - 11:12;0329200057005;PAGO A PROVEEDORES B D V          ;-1139.02;-1139.02;82.361,47;6513;Nota de Débito;-1.139,02
02/09/2022 - 11:12;9569900064178;CARGO POR IGTF                    ;-0.36;-0.36;83.500,49;5699;Nota de Débito;-0,36
02/09/2022 - 11:12;0676200064178;COMISION PAGO A PROVEEDORES       ;-18.02;-18.02;83.500,85;7931;Nota de Débito;-18,02
02/09/2022 - 11:03;9569900064388;CARGO POR IGTF                    ;-39.46;-39.46;83.518,87;5699;Nota de Débito;-39,46
02/09/2022 - 11:03;0329200064388;PAGO A PROVEEDORES B D V          ;-1973.05;-1973.05;83.558,33;6513;Nota de Débito;-1.973,05
02/09/2022 - 11:03;9569900064178;CARGO POR IGTF                    ;-144.21;-144.21;85.531,38;5699;Nota de Débito;-144,21
02/09/2022 - 11:03;0329200064178;PAGO A PROVEEDORES B D V          ;-7210.50;-7210.50;85.675,59;6513;Nota de Débito;-7.210,50
02/09/2022 - 10:52;9569954013099;CARGO POR IGTF                    ;-1.80;-1.80;92.886,09;5699;Nota de Débito;-1,80
02/09/2022 - 10:52;0590554013099;TRASPASO OTRAS CTAS BDV EN LINEA  ;-90.00;-90.00;92.887,89;5602;Nota de Débito;-90,00
02/09/2022 - 10:51;9569954012994;CARGO POR IGTF                    ;-1.80;-1.80;92.977,89;5699;Nota de Débito;-1,80
02/09/2022 - 10:51;0590554012994;TRASPASO OTRAS CTAS BDV EN LINEA  ;-90.00;-90.00;92.979,69;5602;Nota de Débito;-90,00
02/09/2022 - 10:23;9569954010508;CARGO POR IGTF                    ;-75.36;-75.36;93.069,69;5699;Nota de Débito;-75,36
02/09/2022 - 10:23;0590554010508;TRASPASO OTRAS CTAS BDV EN LINEA  ;-3768.00;-3768.00;93.145,05;5602;Nota de Débito;-3.768,00
02/09/2022 - 10:19;9569954010108;CARGO POR IGTF                    ;-32.97;-32.97;96.913,05;5699;Nota de Débito;-32,97
02/09/2022 - 10:19;0590554010108;TRASPASO OTRAS CTAS BDV EN LINEA  ;-1648.50;-1648.50;96.946,02;5602;Nota de Débito;-1.648,50
02/09/2022 - 08:58;9569954001627;CARGO POR IGTF                    ;-9.84;-9.84;98.594,52;5699;Nota de Débito;-9,84
02/09/2022 - 08:58;0590554001627;TRASPASO OTRAS CTAS BDV EN LINEA  ;-492.00;-492.00;98.604,36;5602;Nota de Débito;-492,00
02/09/2022 - 03:20;9569900057013;CARGO POR IGTF                    ;-0.24;-0.24;99.096,36;5699;Nota de Débito;-0,24
02/09/2022 - 03:20;0676200057013;COMISION PAGO A PROVEEDORES       ;-11.78;-11.78;99.096,60;7931;Nota de Débito;-11,78
02/09/2022 - 03:08;9569900057013;CARGO POR IGTF                    ;-94.26;-94.26;99.108,38;5699;Nota de Débito;-94,26
02/09/2022 - 03:08;0329200057013;PAGO A PROVEEDORES B D V          ;-4713.18;-4713.18;99.202,64;6513;Nota de Débito;-4.713,18
01/09/2022 - 18:50;9569900064333;CARGO POR IGTF                    ;-0.07;-0.07;103.915,82;5699;Nota de Débito;-0,07
01/09/2022 - 18:50;0676200064333;COMISION PAGO A PROVEEDORES       ;-3.28;-3.28;103.915,89;7931;Nota de Débito;-3,28
01/09/2022 - 18:45;9569900064333;CARGO POR IGTF                    ;-26.24;-26.24;103.919,17;5699;Nota de Débito;-26,24
01/09/2022 - 18:45;0329200064333;PAGO A PROVEEDORES B D V          ;-1312.08;-1312.08;103.945,41;6513;Nota de Débito;-1.312,08
01/09/2022 - 18:15;9569954979527;CARGO POR IGTF                    ;-3.90;-3.90;105.257,49;5699;Nota de Débito;-3,90
01/09/2022 - 18:15;0590554979527;TRASPASO OTRAS CTAS BDV EN LINEA  ;-194.98;-194.98;105.261,39;5602;Nota de Débito;-194,98
01/09/2022 - 18:14;9569954979492;CARGO POR IGTF                    ;-0.03;-0.03;105.456,37;5699;Nota de Débito;-0,03
01/09/2022 - 18:14;0590554979492;TRASPASO OTRAS CTAS BDV EN LINEA  ;-1.38;-1.38;105.456,40;5602;Nota de Débito;-1,38
01/09/2022 - 18:13;9569954979471;CARGO POR IGTF                    ;-0.14;-0.14;105.457,78;5699;Nota de Débito;-0,14
01/09/2022 - 18:13;0590554979471;TRASPASO OTRAS CTAS BDV EN LINEA  ;-7.04;-7.04;105.457,92;5602;Nota de Débito;-7,04
01/09/2022 - 18:12;9569954979459;CARGO POR IGTF                    ;-1.17;-1.17;105.464,96;5699;Nota de Débito;-1,17
01/09/2022 - 18:12;0590554979459;TRASPASO OTRAS CTAS BDV EN LINEA  ;-58.51;-58.51;105.466,13;5602;Nota de Débito;-58,51
01/09/2022 - 18:11;9569954979437;CARGO POR IGTF                    ;-0.01;-0.01;105.524,64;5699;Nota de Débito;-0,01
01/09/2022 - 18:11;0590554979437;TRASPASO OTRAS CTAS BDV EN LINEA  ;-0.46;-0.46;105.524,65;5602;Nota de Débito;-0,46
01/09/2022 - 18:11;9569954979413;CARGO POR IGTF                    ;-0.13;-0.13;105.525,11;5699;Nota de Débito;-0,13
01/09/2022 - 18:11;0590554979413;TRASPASO OTRAS CTAS BDV EN LINEA  ;-6.65;-6.65;105.525,24;5602;Nota de Débito;-6,65
01/09/2022 - 18:10;9569954979390;CARGO POR IGTF                    ;-0.09;-0.09;105.531,89;5699;Nota de Débito;-0,09
01/09/2022 - 18:10;0590554979390;TRASPASO OTRAS CTAS BDV EN LINEA  ;-4.51;-4.51;105.531,98;5602;Nota de Débito;-4,51
01/09/2022 - 18:08;9569954979362;CARGO POR IGTF                    ;-0.04;-0.04;105.536,49;5699;Nota de Débito;-0,04
01/09/2022 - 18:08;0590554979362;TRASPASO OTRAS CTAS BDV EN LINEA  ;-1.95;-1.95;105.536,53;5602;Nota de Débito;-1,95
01/09/2022 - 18:07;9569954979345;CARGO POR IGTF                    ;-0.39;-0.39;105.538,48;5699;Nota de Débito;-0,39
01/09/2022 - 18:07;0590554979345;TRASPASO OTRAS CTAS BDV EN LINEA  ;-19.73;-19.73;105.538,87;5602;Nota de Débito;-19,73
01/09/2022 - 18:06;9569954979331;CARGO POR IGTF                    ;-0.15;-0.15;105.558,60;5699;Nota de Débito;-0,15
01/09/2022 - 18:06;0590554979331;TRASPASO OTRAS CTAS BDV EN LINEA  ;-7.27;-7.27;105.558,75;5602;Nota de Débito;-7,27
01/09/2022 - 18:05;9569954979318;CARGO POR IGTF                    ;-0.01;-0.01;105.566,02;5699;Nota de Débito;-0,01
01/09/2022 - 18:05;0590554979318;TRASPASO OTRAS CTAS BDV EN LINEA  ;-0.31;-0.31;105.566,03;5602;Nota de Débito;-0,31
01/09/2022 - 18:04;9569954979301;CARGO POR IGTF                    ;-1.06;-1.06;105.566,34;5699;Nota de Débito;-1,06
01/09/2022 - 18:04;0590554979301;TRASPASO OTRAS CTAS BDV EN LINEA  ;-52.78;-52.78;105.567,40;5602;Nota de Débito;-52,78
01/09/2022 - 18:02;9569954979268;CARGO POR IGTF                    ;-0.26;-0.26;105.620,18;5699;Nota de Débito;-0,26
01/09/2022 - 18:02;0590554979268;TRASPASO OTRAS CTAS BDV EN LINEA  ;-12.85;-12.85;105.620,44;5602;Nota de Débito;-12,85
01/09/2022 - 18:00;9569954979209;CARGO POR IGTF                    ;-0.01;-0.01;105.633,29;5699;Nota de Débito;-0,01
01/09/2022 - 18:00;0590554979209;TRASPASO OTRAS CTAS BDV EN LINEA  ;-0.46;-0.46;105.633,30;5602;Nota de Débito;-0,46
01/09/2022 - 17:31;0590573509815;ABO TRASP A OTRAS CTAS CLAVENET   ;1144.84;1144.84;105.633,76;1602;Nota de Crédito;1.144,84
01/09/2022 - 17:26;9569954978342;CARGO POR IGTF                    ;-4.92;-4.92;104.488,92;5699;Nota de Débito;-4,92
01/09/2022 - 17:26;0590554978342;TRASPASO OTRAS CTAS BDV EN LINEA  ;-246.00;-246.00;104.493,84;5602;Nota de Débito;-246,00
01/09/2022 - 17:25;9569954978310;CARGO POR IGTF                    ;-13.12;-13.12;104.739,84;5699;Nota de Débito;-13,12
01/09/2022 - 17:25;0590554978310;TRASPASO OTRAS CTAS BDV EN LINEA  ;-656.00;-656.00;104.752,96;5602;Nota de Débito;-656,00
01/09/2022 - 17:07;9569954977828;CARGO POR IGTF                    ;-0.04;-0.04;105.408,96;5699;Nota de Débito;-0,04
01/09/2022 - 17:07;0590554977828;TRASPASO OTRAS CTAS BDV EN LINEA  ;-1.96;-1.96;105.409,00;5602;Nota de Débito;-1,96
01/09/2022 - 17:05;9569954977793;CARGO POR IGTF                    ;-0.71;-0.71;105.410,96;5699;Nota de Débito;-0,71
01/09/2022 - 17:05;0590554977793;TRASPASO OTRAS CTAS BDV EN LINEA  ;-35.26;-35.26;105.411,67;5602;Nota de Débito;-35,26
01/09/2022 - 17:04;9569954977758;CARGO POR IGTF                    ;-0.63;-0.63;105.446,93;5699;Nota de Débito;-0,63
01/09/2022 - 17:04;0590554977758;TRASPASO OTRAS CTAS BDV EN LINEA  ;-31.34;-31.34;105.447,56;5602;Nota de Débito;-31,34
01/09/2022 - 17:02;9569954977684;CARGO POR IGTF                    ;-4.78;-4.78;105.478,90;5699;Nota de Débito;-4,78
01/09/2022 - 17:02;0590554977684;TRASPASO OTRAS CTAS BDV EN LINEA  ;-238.96;-238.96;105.483,68;5602;Nota de Débito;-238,96
01/09/2022 - 17:01;0329200000001;PAGO A PROVEEDORES B D V          ;340.85;340.85;105.722,64;2021;Nota de Crédito;340,85
01/09/2022 - 15:37;0590566654527;ABO TRASP A OTRAS CTAS CLAVENET   ;78.90;78.90;105.381,79;1602;Nota de Crédito;78,90
01/09/2022 - 10:00;0590589626321;ABO TRASP A OTRAS CTAS CLAVENET   ;236.70;236.70;105.302,89;1602;Nota de Crédito;236,70
01/09/2022 - 09:57;9569954953764;CARGO POR IGTF                    ;-13.04;-13.04;105.066,19;5699;Nota de Débito;-13,04
01/09/2022 - 09:57;0590554953764;TRASPASO OTRAS CTAS BDV EN LINEA  ;-652.00;-652.00;105.079,23;5602;Nota de Débito;-652,00
01/09/2022 - 08:59;0590585950112;ABO TRASP A OTRAS CTAS CLAVENET   ;2246.75;2246.75;105.731,23;1602;Nota de Crédito;2.246,75
01/09/2022 - 08:25;5490183916581;ABO TRASP A OTRAS CTAS CLAVENET   ;350.31;350.31;103.484,48;1602;Nota de Crédito;350,31
01/09/2022 - 08:20;0590583632783;ABO TRASP A OTRAS CTAS CLAVENET   ;9115.32;9115.32;103.134,17;1602;Nota de Crédito;9.115,32
01/09/2022 - 01:29;01202        ;COM MANTENIMIENTO DE CUENTA       ;-0.05;-0.05;94.018,85;5404;Nota de Débito;-0,05
